<?xml version="1.0" encoding="UTF-8"?><record xmlns="http://www.loc.gov/MARC21/slim" xmlns:cinclude="http://apache.org/cocoon/include/1.0" xmlns:zs="http://www.loc.gov/zing/srw/">
  <leader>00822cz  a2200157n  4500</leader>
  <controlfield tag="001">n  97042927 </controlfield>
  <controlfield tag="003">DLC</controlfield>
  <controlfield tag="005">20130314091740.0</controlfield>
  <controlfield tag="008">970423n| azannaabn          |b ana      </controlfield>
  <datafield tag="010" ind1=" " ind2=" ">
    <subfield code="a">n  97042927 </subfield>
  </datafield>
  <datafield tag="035" ind1=" " ind2=" ">
    <subfield code="a">(OCoLC)oca04324921</subfield>
  </datafield>
  <datafield tag="040" ind1=" " ind2=" ">
    <subfield code="a">DLC</subfield>
    <subfield code="b">eng</subfield>
    <subfield code="e">rda</subfield>
    <subfield code="c">DLC</subfield>
    <subfield code="d">IEN</subfield>
    <subfield code="d">DLC</subfield>
  </datafield>
  <datafield tag="110" ind1="1" ind2=" ">
    <subfield code="a">Ogun State (Nigeria).</subfield>
    <subfield code="b">Ministry of Information, Social Development, Youth, and Sports.</subfield>
    <subfield code="b">Public Enlightenment Department</subfield>
  </datafield>
  <datafield tag="410" ind1="1" ind2=" ">
    <subfield code="w">nnea</subfield>
    <subfield code="a">Ogun State (Nigeria).</subfield>
    <subfield code="b">Ministry of Information, Social Development, Youth, and Sports.</subfield>
    <subfield code="b">Public Enlightenment Dept.</subfield>
  </datafield>
  <datafield tag="510" ind1="1" ind2=" ">
    <subfield code="w">r</subfield>
    <subfield code="i">Hierarchical superior:</subfield>
    <subfield code="a">Ogun State (Nigeria).</subfield>
    <subfield code="b">Ministry of Information, Social Development, Youth, and Sports</subfield>
  </datafield>
  <datafield tag="670" ind1=" " ind2=" ">
    <subfield code="a">Profile of members of the Ogun ... 1994:</subfield>
    <subfield code="b">cover, p. 4 (Public Enlightenment Dept., Ministry of Information, Social Development, Youth and Sports)</subfield>
  </datafield>
</record>